<record><leader>00000cas a22000007a 4500</leader><controlfield tag="001">28033353</controlfield><controlfield tag="008">930503d19351948njuwr ne      0    0eng d</controlfield><datafield ind1=" " ind2=" " tag="010"><subfield code="a">sn 93060928 </subfield></datafield><datafield ind1=" " ind2=" " tag="040"><subfield code="a">NJW</subfield><subfield code="b">eng</subfield><subfield code="c">NJW</subfield><subfield code="d">OCL</subfield><subfield code="d">OCLCQ</subfield></datafield><datafield ind1="0" ind2="4" tag="245"><subfield code="a">The Englewood journal.</subfield></datafield><datafield ind1="3" ind2="0" tag="246"><subfield code="a">Englewood journal "the shopper"</subfield></datafield><datafield ind1=" " ind2=" " tag="260"><subfield code="a">Englewood, N.J. :</subfield><subfield code="b">Joseph Daniels and Arthur Siegel</subfield></datafield><datafield ind1=" " ind2=" " tag="300"><subfield code="a">v.</subfield></datafield><datafield ind1=" " ind2=" " tag="310"><subfield code="a">Weekly</subfield></datafield><datafield ind1="0" ind2=" " tag="362"><subfield code="a">Vol. 1, no. 34 (Oct. 31, 1935)-</subfield></datafield><datafield ind1="1" ind2=" " tag="362"><subfield code="a">Ceased in 1948.</subfield></datafield><datafield ind1=" " ind2=" " tag="500"><subfield code="a">Published as: The Englewood journal "the shopper", Oct. 31-Nov. 14, 1935).</subfield></datafield><datafield ind1=" " ind2=" " tag="752"><subfield code="a">United States</subfield><subfield code="b">New Jersey</subfield><subfield code="c">Bergen</subfield><subfield code="d">Englewood.</subfield></datafield><datafield ind1="0" ind2="0" tag="780"><subfield code="t">Englewood journal and shopper</subfield><subfield code="w">(DLC)sn 93060927</subfield><subfield code="w">(OCoLC)28033236</subfield></datafield></record>